=LDR  02502 as a2200601 a 4500
=001  015810724
=003  Uk
=005  20140522095215.0
=006  m\\\\\\\\d\|\\\\\\
=007  cr||||||||||||
=008  110519c20uu9999enkuu\p\s\\\\o0\\\a0eng\\
=015  \\$aGBB160453$2bnb
=040  \\$aUk$beng$cUk
=042  \\$aukblsr
=082  04$a353.32340941$222
=110  1\$aGreat Britain.$bHome Office.
=240  10$aBusiness plan (Online)
=245  10$aBusiness plan$h[electronic resource] /$cHome Office.
=246  1\$iWeb site list title:$aHome Office business plan
=260  \\$a[London] :$bHome Office
=336  \\$atext$2rdacontent
=337  \\$acomputer$2rdamedia
=338  \\$aonline resource$2rdacarrier
=500  \\$a"This plan will be refreshed annually".
=500  \\$aAccompanying information also available on Web site.
=500  \\$aAccompanied on Number10.gov.uk Web site by PDF annexes for common areas of spend.
=538  \\$aMode of access: World Wide Web.
=538  \\$aSystem requirements: Adobe Acrobat Reader.
=580  \\$aPreviously also issued in print.
=588  \\$aDescription based on: 2011/2015 (Nov. 2010) issue, title from PDF caption (Home Office Web site, viewed May 19, 2011).
=588  \\$aLatest issue consulted: 2011/2015 (May 2011) (Number10.gov.uk Web site, viewed May 25, 2011).
=610  10$aGreat Britain.$bHome Office$xPlanning$vPeriodicals.
=780  10$aGreat Britain. Home Office.$tBusiness plan
=856  4\$uhttp://www.homeoffice.gov.uk/about-us/corporate-publications-strategy/$zTo search
=856  4\$ahttp://www.number10.gov.uk/$zTo search
=985  \\$aOut of scope, May 22, 2014.
=CAT  \\$a5997$b40$c20110519$lBLL01$h0814
=CAT  \\$a5997$b40$c20110519$lBLL01$h0824
=CAT  \\$a5997$b40$c20110525$lBLL01$h1023
=CAT  \\$a5997$b40$c20110525$lBLL01$h1156
=CAT  \\$a5997$b40$c20110525$lBLL01$h1327
=CAT  \\$a5997$b40$c20110602$lBLL01$h0952
=CAT  \\$aBATCH-UPD$b40$c20121030$lBLL01$h1432
=CAT  \\$a8201$b40$c20140522$lBLL01$h0952
=CAT  \\$aBATCH-UPD$b40$c20150509$lBLL01$h1656
=CAT  \\$aW1711-1225$c20171203$lBLL01$h1043
=FIN  \\$aY$d20110519
=FMT  \\$a  SE
=LAS  \\$aW1711-1225$b00$c20171203$lBLL01$h1043
=LET  \0$aHome Office business plan (Electronic)
=LKR  \\$aPAR$b009205074$lBLL01$nHome Office business plan (Print)$mHome Office business plan (Online)$r78010
=STA  \\$aSUPPRESSED$bunable to determine reason for suppression
=TCO  \\$aCLA$bCLA$c008

