=LDR  03119 as a2200649 a 4500
=001  015906178
=003  Uk
=005  20160805104507.0
=006  m\\\\\\\\d\|\\\\\\
=007  cr||||||||||||
=008  111007d201u201uenkuu\\\o\\\\o0\\\a0eng\\
=015  \\$aGBB1B7441$2bnb
=040  \\$aUk$beng$cUk$dUk
=042  \\$aukblsr
=082  04$a323.094758$223
=245  00$aCountry of origin information (COI) report.$pRepublic of Georgia$h[electronic resource].
=246  1\$iWeb site link title:$aCOI report. Georgia
=246  1\$iNational Archives snapshot has PDF title page:$aCountry of origin information (COI) report.$pGeorgia
=260  \\$aLondon :$bHome Office
=336  \\$atext$2rdacontent
=337  \\$acomputer$2rdamedia
=338  \\$aonline resource$2rdacarrier
=490  0\$aCountry of origin information service
=538  \\$aMode of access: World Wide Web.
=538  \\$aSystem requirements: MS Word; Adobe Acrobat Reader.
=550  \\$aAt head of title: Home Office. UK Border Agency.
=588  \\$aDescription based on 25 Nov. 2010 issue: title from WORD title page (issue downloaded Sept. 30, 2011).
=650  \0$aHuman rights monitoring$zGeorgia (Republic)$vPeriodicals.
=650  \0$aAsylum, Right of$zGreat Britain$vPeriodicals.
=650  \0$aHuman rights monitoring$zGeorgia (Republic)$vBibliography$vPeriodicals.
=651  \0$aGeorgia (Republic)$xPolitics and government$vPeriodicals.
=710  2\$aUK Border Agency.
=780  0\$tCountry of origin information key documents. Georgia
=856  4\$uhttp://www.homeoffice.gov.uk/rds/country_reports.html#countries$zFollow links to resource
=856  4\$ahttp://www.ukba.homeoffice.gov.uk/policyandlaw/guidance/coi/$zFollow links to resource
=985  \\$aPLEASE NOTE: I think this country may have changed status from one "outside the top 30 asylum countries" to one "over the top 30", so the type of report has changed from a "key documents one" to a "information report" one; looks like it permanently replaces 013888116; 780 ADDED.
=CAT  \\$a3072$b40$c20111007$lBLL01$h1450
=CAT  \\$a3072$b40$c20111007$lBLL01$h1452
=CAT  \\$a3072$b40$c20111007$lBLL01$h1641
=CAT  \\$a3072$b40$c20111007$lBLL01$h1659
=CAT  \\$a3072$b40$c20111007$lBLL01$h1716
=CAT  \\$a3072$b40$c20111007$lBLL01$h1717
=CAT  \\$a3072$b40$c20111014$lBLL01$h1150
=CAT  \\$aBATCH-TCO$c20120117$lBLL01$h0039
=CAT  \\$a8201$b40$c20130315$lBLL01$h0950
=CAT  \\$a8201$b40$c20130315$lBLL01$h0958
=CAT  \\$a8201$b40$c20130315$lBLL01$h0959
=CAT  \\$a3072$b40$c20140320$lBLL01$h1522
=CAT  \\$a7792$b40$c20160805$lBLL01$h1045
=CAT  \\$aW1711-1225$c20171203$lBLL01$h1045
=FIN  \\$aY$d20111007
=FMT  \\$a  SE
=LAS  \\$aW1711-1225$b00$c20171203$lBLL01$h1045
=LET  \0$aCountry of origin information (COI) report. Georgia
=LKR  \\$aPAR$b013888116$lBLL01$nCountry of origin information key documents. Georgia$mCountry of origin information (COI) report. Republic of Georgia$r787
=STA  \\$aSUPPRESSED$bunable to determine reason for suppression
=TCO  \\$aCLA$bCLA$c008

