=LDR  02615aas a2200601 a 4500
=001  014917061
=003  Uk
=005  20171212154003.0
=006  m\\\\\\\\d\|\\\\\\
=007  cr||||||||||||
=008  090225c20009999enkmr\p\s\\\\\0\\\a0eng\\
=FMT  \\$a  SE
=015  \\$aGBA978123$2bnb
=022  0\$a2040-3429$202
=040  \\$aUk$beng$cUk$dUk
=042  \\$aissnuk$aukblsr
=082  04$a615.19005$222
=130  0\$aCurrent opinion in investigational drugs (2000 : Online)
=222  \0$aCurrent opinion in investigational drugs$b(Online)
=245  10$aCurrent opinion in investigational drugs$h[electronic resource].
=260  \\$a[London] :$bThomson Reuters (Scientific)
=310  \\$aMonthly
=336  \\$atext$2rdacontent
=337  \\$acomputer$2rdamedia
=338  \\$aonline resource$2rdacarrier
=362  1\$aPrint began with: Vol. 1, no. 1 (Sept. 2000).
=538  \\$aMode of access: email and World Wide Web.
=538  \\$aSystem requirements: Adobe Acrobat Reader.
=580  \\$aTo 2008 also issued in print format; beginning with 2009 issued online only.
=500  \\$aDescription based on: Vol. 10, no. 7 (July 2009) issue; title from PDF t.p. (email sent 03/07/2009).
=780  10$tCurrent opinion in investigational drugs (2000)$x1472-4472
=776  1\$tCurrent opinion in investigational drugs (2000)$x1472-4472
=856  4\$uhttp://www.iddb.com/$zLink no longer valid
=856  40$uhttp://www.biomedcentral.com/curropininvestigdrugs/$zFor subscribers only, requires password
=856  00$amailto:info@currentdrugs.com$zTo subscribe
=985  \\$aLegal Deposit ejournals
=CAT  \\$a11313$b40$c20090225$lBLL01$h1131
=CAT  \\$a11313$b40$c20090225$lBLL01$h1140
=CAT  \\$a3072$b40$c20090807$lBLL01$h1412
=CAT  \\$a3072$b40$c20090807$lBLL01$h1433
=CAT  \\$a3072$b40$c20090807$lBLL01$h1535
=CAT  \\$a3072$b40$c20100310$lBLL01$h1425
=CAT  \\$a3072$b40$c20101027$lBLL01$h1318
=CAT  \\$aWR14_140$c20140905$lBLL01$h1821
=CAT  \\$aW1711-1225$c20171203$lBLL01$h1032
=CAT  \\$a11313$b40$c20171212$lBLL01$h1540
=FIN  \\$aY$d20090225
=LET  \0$aCurrent opinion in investigational drugs (email)
=LKR  \\$aPAR$b011647930$lBLL01$r776$mCurrent opinion in investigational drugs (Online)$nCurrent opinion in investigational drugs (2000)
=LKR  \\$aPAR$lBLL01$b011647930$r78000$mCurrent opinion in investigational drugs (Online)$nCurrent opinion in investigational drugs (Print)
=STA  \\$aSUPPRESSED$bunable to determine reason for suppression
=TCO  \\$aCLA$bCLA$c008
=LAS  \\$a11313$b40$c20171212$lBLL01$h1540

