=LDR  02609aas a2200613 a 4500
=001  014917082
=003  Uk
=005  20171212154032.0
=006  m\\\\\\\\d\|\\\\\\
=007  cr||||||||||||
=008  090225d1998201uenkbr\p\s\\\\\0\\\a0eng\\
=FMT  \\$a  SE
=015  \\$aGBA978136$2bnb
=022  0\$a2040-3437$202
=040  \\$aUk$beng$cUk$dUk
=042  \\$aissnuk$aukblsr
=082  04$a615.19005$222
=130  0\$aCurrent opinion in drug discovery & development (Online)
=222  \0$aCurrent opinion in drug discovery & development$b(Online)
=245  10$aCurrent opinion in drug discovery & development$h[electronic resource].
=246  3\$aCurrent opinion in drug discovery and development
=260  \\$a[London] :$bThomson Reuters (Scientific)
=310  \\$aBimonthly
=336  \\$atext$2rdacontent
=337  \\$acomputer$2rdamedia
=338  \\$aonline resource$2rdacarrier
=538  \\$aMode of access: email and World Wide Web.
=538  \\$aSystem requirements: Adobe Acrobat Reader.
=580  \\$aTo 2008 also issued in print format; beginning with 2009 issued online only.
=500  \\$aDescription based on: Vol. 12, no. 4 (July 2009); title from PDF t.p. (email sent 03/07/2009).
=650  \0$aDrug development$vPeriodicals.
=650  \0$aPharmaceutical chemistry$vPeriodicals.
=776  1\$tCurrent opinion in drug discovery & development$x1367-6733
=780  10$tCurrent opinion in drug discovery & development$x1367-6733
=856  4\$uhttp://www.iddb.com/$zLink no longer valid
=856  40$uhttp://www.biomedcentral.com/curropindrugdiscovdevel$zFor subscribers only, requires password
=856  00$amailto:info@currentdrugs.com$zTo subscribe
=985  \\$aLegal Deposit ejournals
=CAT  \\$a11313$b40$c20090225$lBLL01$h1145
=CAT  \\$a3072$b40$c20090807$lBLL01$h1536
=CAT  \\$a3072$b40$c20090824$lBLL01$h1542
=CAT  \\$a3072$b40$c20101027$lBLL01$h1106
=CAT  \\$a3072$b40$c20101027$lBLL01$h1211
=CAT  \\$a3072$b40$c20101027$lBLL01$h1318
=CAT  \\$a8201$b40$c20120220$lBLL01$h1228
=CAT  \\$aWR14_140$c20140905$lBLL01$h1821
=CAT  \\$aW1711-1225$c20171203$lBLL01$h1032
=CAT  \\$a11313$b40$c20171212$lBLL01$h1540
=FIN  \\$aY$d20090225
=LET  \0$aCurrent opinion in drug discovery & development (email)
=LKR  \\$aPAR$lBLL01$b007160313$r78000$mCurrent opinion in drug discovery & development (Online)$nCurrent opinion in drug discovery & development (Print)
=STA  \\$aSUPPRESSED$bunable to determine reason for suppression
=TCO  \\$aCLA$bCLA$c008
=LAS  \\$a11313$b40$c20171212$lBLL01$h1540

